@Book{kali_11,
	author = {{Hut}, Piet and {Makino}, Jun},
	title = {The Art of Computational Science: The Kali Code},
	publisher = {{Hut}, Piet and {Makino}, Jun},
	year = {2007},
	volume = {11},
	series = {The Maya Open Lab for Dense Stellar Systems},
	month = {September},
}

@Book{kali_2,
	author = {{Hut}, Piet and {Makino}, Jun},
	title = {The Art of Computational Science: The Kali Code},
	publisher = {{Hut}, Piet and {Makino}, Jun},
	year = {2007},
	volume = {2},
	series = {The Maya Open Lab for Dense Stellar Systems},
	month = {September},
}

@Article{aarseth,
	author = {{Aarseth}, S.~J. and {Henon}, M. and {Wielen}, R.},
	title = {A comparison of numerical methods for the study of star cluster dynamics},
	journal = {Astronomy and Astrophysics},
	year = {1974},
	volume = {37},
	number = {12},
	pages = {183-187},
	month = {Dezember},
}

@Misc{scholarpedia,
	author = {{Hut}, Piet and {Trenti}, Michele},
	title = {N-body simulations (gravitational)},
	howpublished = "\url{http://www.scholarpedia.org/article/N-body_simulations_(gravitational)}",
	year = {2008},
	note = "[Online, abgerufen 08.10.2017]",
}

@Misc{mersenne,
	author = {{Matsumoto}, Makoto and {Nishimura}, Takuji},
	title = {Mersenne Twister in C, C++, C\#},
	howpublished = "\url{http://www.math.sci.hiroshima-u.ac.jp/~m-mat/MT/VERSIONS/C-LANG/c-lang.html}",
	year = {2007},
	note = "[Online, abgerufen 09.10.2017]",
}